<?xml version="1.0" encoding="UTF-8"?><collection xmlns="http://www.loc.gov/MARC21/slim"><record><leader>00535nam--2200193-i-4500</leader><controlfield tag="001">000030387</controlfield><controlfield tag="002">20161230</controlfield><controlfield tag="005">20161230201038</controlfield><controlfield tag="008">060222s1000------------r-----000-0-fre-d</controlfield><datafield ind1=" " ind2=" " tag="040"><subfield code="a">IFIN-HH</subfield></datafield><datafield ind1=" " ind2=" " tag="041"><subfield code="a">fre</subfield></datafield><datafield ind1=" " ind2=" " tag="080"><subfield code="a">536.2</subfield></datafield><datafield ind1="1" ind2=" " tag="100"><subfield code="a">Mc Adams, W.H</subfield></datafield><datafield ind1="1" ind2="0" tag="245"><subfield code="a">Transmission de la chaleur</subfield><subfield code="b">Traduit par a.beaufils; preface du professeur m. veron</subfield><subfield code="c">W.h. mc adams</subfield></datafield><datafield ind1=" " ind2=" " tag="250"><subfield code="a">Deuxieme Edition. Nouveau Tirage</subfield></datafield><datafield ind1=" " ind2=" " tag="260"><subfield code="a">Paris</subfield><subfield code="b">Dunod</subfield><subfield code="c">1964</subfield></datafield><datafield ind1=" " ind2=" " tag="300"><subfield code="a">XXI + 585P</subfield></datafield><datafield ind1=" " ind2=" " tag="852"><subfield code="a">20088</subfield><subfield code="c">536</subfield></datafield><datafield ind1=" " ind2=" " tag="CAT"><subfield code="a">Sys</subfield><subfield code="c">20110505</subfield><subfield code="h">155353</subfield></datafield></record></collection>